@article{schulz2013design,
  title={A design space of visualization tasks},
  author={Schulz, Hans-Jorg and Nocke, Thomas and Heitzler, Magnus and Schumann, Heidrun},
  journal={Visualization and Computer Graphics, IEEE Transactions on},
  volume={19},
  number={12},
  pages={2366--2375},
  year={2013},
  publisher={IEEE}
}

@online{D3,
  author = {Mike Bostock},
  title = {{D3} Data-Driven Documents},
  year = 2013,
  url = {http://d3js.org/},
  urldate = {2014-11-25}
}

@online{D3pcp,
  author = {Jason Davies},
  title = {Parallel Coordinates},
  year = 2011,
  url = {http://bl.ocks.org/jasondavies/1341281},
  urldate = {2014-11-25}
}

@online{D3sm,
  author = {Mike Bostock},
  title = {Scatterplot Matrix Brushing},
  year = 2012,
  url = {http://bl.ocks.org/mbostock/4063663},
  urldate = {2014-11-25}
}
