@online{WinNT,
  author = {University of California, Irvine},
  title = {{UCI Machine Learning Repository} Restaurant & consumer data Data Set},
  year = 2012,
  url = {https://archive.ics.uci.edu/ml/datasets/Restaurant+\%26+consumer+data},
  urldate = {2014-01-15}
}

@article{vargas2011effects,
  title={Effects of relevant contextual features in the performance of a restaurant recommender system},
  author={Vargas-Govea, Blanca and Gonz{\'a}lez-Serna, Gabriel and Ponce-Medell{\i}n, Rafael},
  journal={ACM RecSys},
  volume={11},
  year={2011}
}

@article{schulz2013design,
  title={A design space of visualization tasks},
  author={Schulz, Hans-Jorg and Nocke, Thomas and Heitzler, Magnus and Schumann, Heidrun},
  journal={Visualization and Computer Graphics, IEEE Transactions on},
  volume={19},
  number={12},
  pages={2366--2375},
  year={2013},
  publisher={IEEE}
}

@online{D3map1,
  author = {Mike Bostock},
  title = {Symbol Map Airports},
  year = 2008,
  url = {http://mbostock.github.io/d3/talk/20111116/airports.html},
  urldate = {2015-01-19}
}

@online{D3scattermatrixt,
  author = {Mike Bostock},
  title = {Scatterplot Matrix Bruhing},
  year = 2012,
  url = {http://bl.ocks.org/mbostock/4063663},
  urldate = {2015-01-19}
}

@online{D3pcp,
  author = {Jason Davies},
  title = {Parallel Coordinates},
  year = 2011,
  url = {http://bl.ocks.org/jasondavies/1341281},
  urldate = {2015-01-19}
}

@online{D3parallelsets,
  author = {Jason Davies},
  title = {Parallel Sets},
  %year = 2011,
  url = {http://www.jasondavies.com/parallel-sets/},
  urldate = {2015-01-19}
}

@online{D3scatterplot,
  author = {Nikhil Sonnad},
  title = {Scatterplot: Social trust vs ease of doing business},
  year = 2013,
  url = {http://bl.ocks.org/nsonnad/4481531},
  urldate = {2015-01-20}
}
