@online{wikiTriLin,
  author = {Wikipedia, the free encyclopedia},
  title = {Trilinear Interpolation},
  year = 2014,
  url = {http://en.wikipedia.org/wiki/Trilinear_interpolation},
  urldate = {2014-12-16}
}

@online{paulBourke,
  author = {Paul Bourke},
  title = {Interpolation methods: Trilinear Interpolation},
  year = 1997,
  url = {http://paulbourke.net/miscellaneous/interpolation/},
  urldate = {2014-12-16}
}
